<?xml version="1.0" encoding="UTF-8"?><collection xmlns="http://www.loc.gov/MARC21/slim"><record><leader>00516nam--2200181-i-4500</leader><controlfield tag="001">000025506</controlfield><controlfield tag="002">20161230</controlfield><controlfield tag="005">20161230201036</controlfield><controlfield tag="008">060222s1000------------r-----000-0-fre-d</controlfield><datafield ind1=" " ind2=" " tag="040"><subfield code="a">IFIN-HH</subfield></datafield><datafield ind1=" " ind2=" " tag="041"><subfield code="a">fre</subfield></datafield><datafield ind1=" " ind2=" " tag="080"><subfield code="a">539.196.3:533.6.011.5(043)</subfield></datafield><datafield ind1="1" ind2=" " tag="100"><subfield code="a">Jouvet, Christophe M</subfield></datafield><datafield ind1="1" ind2="0" tag="245"><subfield code="a">Relaxation electronique du glyoxal dans un jet supersonique</subfield><subfield code="b">These</subfield><subfield code="c">Christophe jouvet</subfield></datafield><datafield ind1=" " ind2=" " tag="260"><subfield code="a">Orsay</subfield><subfield code="b">Universite De Paris-sud</subfield><subfield code="c">1980</subfield></datafield><datafield ind1=" " ind2=" " tag="300"><subfield code="a">65P</subfield></datafield><datafield ind1=" " ind2=" " tag="852"><subfield code="a">49687</subfield><subfield code="c">539.19</subfield></datafield><datafield ind1=" " ind2=" " tag="CAT"><subfield code="a">Sys</subfield><subfield code="c">20120717</subfield><subfield code="h">122706</subfield></datafield></record></collection>